@article{CanHomEncBePractical,
  author  = {Kristin Lauter and Michael Naehrig and Vinod Vaikuntanathan},
  title   = {Can Homomorphic Encryption be Practical?},
  journal = {Proceedings of the 3rd ACM workshop on Cloud computing security workshop},
  year    = 2011,
  pages   = {113--124}
}

@article{Haven,
  author  = {Andrew Baumann and Marcus Peinado and Galen Hunt},
  title   = {Shielding Applications from an Untrusted Cloud with Haven},
  journal = {11th USENIX Symposium on Operating Systems Design and Implementation (OSDI14)},
  date    = {6--8},
  month   = Aug,
  year    = 2014,
  pages   = {113--124}
}

@article{Graphene,
  author  = {Chia-Che Tsai and Kumar Saurabh Arora and Nehal Bandi and Bhushan Jain and William Jannen and Jitin John and Harry A. Kalodner and Vrushali Kulkarni and Daniela Oliveira and Donald E. Porter},
  title   = {Cooperation and Security Isolation of Library OSes for Multi-Process Applications},
  journal = {In Proceedings of the 9th European Conference on Computer Systems (EuroSys '14)},
  month   = Apr,
  year    = 2014,
  pages   = {113--124}
}


@inproceedings {Scone,
    author = {Sergei Arnautov and Bohdan Trach and Franz Gregor and Thomas Knauth and Andre Martin and Christian Priebe and Joshua Lind and Divya Muthukumaran and Dan O{\textquoteright}Keeffe and Mark L. Stillwell and David Goltzsche and Dave Eyers and R{\"u}diger Kapitza and Peter Pietzuch and Christof Fetzer},
    title = {SCONE: Secure Linux Containers with Intel SGX},
    booktitle = {12th USENIX Symposium on Operating Systems Design and Implementation (OSDI 16)},
    year = {2016},
    isbn = {978-1-931971-33-1},
    address = {GA},
    pages = {689--703},
    note = {\url{https://www.usenix.org/conference/osdi16/technical-sessions/presentation/arnautov}},
    publisher = {USENIX Association},
}

@article{iago,
  author  = {Stephen Checkoway and Hovav Shacham},
  title   = {Iago Attacks: Why the System Call API is a Bad Untrusted RPC Interface},
  journal = {18th International Conference on Architectural Support for Programming Languages and Operating Systems (ASPLOS13)},
  date    = {16--20},
  month   = Mar,
  year    = 2013
}

@article{sgxattest,
author = {Simon Johnson and Vinnie Scarlata and Carlos Rozas and Ernie Brickell and Frank Mckeen},
title  = {Intel\textsuperscript{\textregistered} Software Guard Extensions: EPID Provisioning and Attestation Services},
note   = {\url{https://software.intel.com/en-us/blogs/2016/03/09/intel-sgx-epid-provisioning-and-attestation-services}},
month  = mar,
year   = 2016
}

@article{sgxinnov,
author = {Frank Mckeen and Ilya Alexandrovich and Alex Berenzon and Carlos Rozas and Hisham Shafi and Vedvyas Shanbhogue and Uday Savagaonkar},
title  = {Innovative Instructions and Software Model for Isolated Execution},
note    = {\url{https://software.intel.com/en-us/articles/innovative-instructions-and-software-model-for-isolated-execution}},
month  = jun,
year   = 2013,
journal = { Workshop on Hardware and Architectural Support for Security and Privacy}
}

@article{sgxinnov2,
author = {Ittai Anati and Shay Gueron and Simon Johnson and Vincent Scarlata},
title  = {Innovative Technology for CPU Based Attestation and Sealing },
note    = {\url{https://software.intel.com/en-us/articles/innovative-technology-for-cpu-based-attestation-and-sealing}},
month  = jun,
year   = 2013,
journal  = { Workshop on Hardware and Architectural Support for Security and Privacy}
}

@article{sgxapps,
author = {Matthew Hoekstra and Reshma Lal and Pradeep Pappachan and Carlos Rozas and Vinay Phegade and Juan del Cuvillo} ,
title  = {Using Innovative Instructions to Create Trustworthy Software Solutions  },
note    = {\url{https://software.intel.com/sites/default/files/article/413938/hasp-2013-innovative-instructions-for-trusted-solutions.pdf}},
month  = jun,
year   = 2013,
journal = { Workshop on Hardware and Architectural Support for Security and Privacy}
}


@article{epid,
  author  = {Ernie Brickell and Jiangtao Li},
  title   = {Enhanced Privacy ID from Bilinear Pairing for
Hardware Authentication and Attestation},
  journal = {IEEE International Conference on Social Computing / IEEE International Conference on Privacy, Security, Risk and Trust},
   pages = {768--775},
  month   = Aug,
  date    = {20-22},
  year    = 2010
}

@misc{ucframework,
    author = {Ran Canetti},
    title = {Universally Composable Security: A New Paradigm for Cryptographic Protocols},
    howpublished = {Cryptology ePrint Archive, Report 2000/067},
    year = {2000},
    note = {\url{http://eprint.iacr.org/2000/067}},
}

@book{intelsdm,
	author        = {{Intel Corporation}},
	title         = {{Intel\textsuperscript{\textregistered} 64 and IA-32 Architectures Software Developer's Manual}},
	year          = {2016},
	month         = dec,
	note          = {\url{https://software.intel.com/en-us/articles/intel-sdm}}
}

@book{ias,
	author        = {{Intel Corporation}},
	title         = {{Attestation Service for Intel\textsuperscript{\textregistered} Software Guard Extensions: API Documentation}},
  year          = {2017},
	note          = {\url{https://software.intel.com/sites/default/files/managed/7e/3b/ias-api-spec.pdf}}
}


@article{surnaming,
  author  = {Dan Boneh and Shay Gueron},
  title   = {Surnaming Schemes, Fast Verification, and Applications to SGX Technology},
  journal = {CT-RSA: RSA Conference Cryptographers' Track},
  place   = {San Francisco},
  date    = {14--17},
  month   = Feb,
  year    = 2017,
  pages   = {149--164}
}

@inproceedings{BellarePOK,
 author = {Bellare, Mihir and Goldreich, Oded},
 title = {On Defining Proofs of Knowledge},
 booktitle = {Proceedings of the 12th Annual International Cryptology Conference on Advances in Cryptology},
 series = {CRYPTO '92},
 year = {1993},
 isbn = {3-540-57340-2},
 pages = {390--420},
 numpages = {31},
 note     = {\url{http://dl.acm.org/citation.cfm?id=646757.759584}},
 acmid     = {759584},
 publisher = {Springer-Verlag},
 address = {London, UK, UK},
}

@article{longtermuc,
author="J{\"o}rn M{\"u}ller-Quade and Dominique Unruh",
title="Long-Term Security and Universal Composability",
journal="Journal of Cryptology",
year="2010",
volume="23",
number="4",
pages="594--671",
issn="1432-1378",
note = {\url{http://eprint.iacr.org/2006/422}}
}

@misc{iron,
    author = {Ben A. Fisch, Dhinakaran Vinayagamurthy, Dan Boneh, Sergey Gorbunov},
    title = {Iron: Functional Encryption using Intel SGX},
    howpublished = {Cryptology ePrint Archive, Report 2016/1071},
    year = {2016},
    note = {\url{http://eprint.iacr.org/2016/1071}},
}

@misc{gnuc,
    author = {Dennis Hofheinz and Victor Shoup},
    title = {GNUC: A New Universal Composability Framework},
    howpublished = {Cryptology ePrint Archive, Report 2011/303},
    year = {2011},
    note = {\url{http://eprint.iacr.org/2011/303}},
}

@misc{rfc4210,
  series =  {Request for Comments},
  number =  4210,
  howpublished =  {RFC 4210},
  publisher = {RFC Editor},
  doi =   {10.17487/RFC4210},
  url =   {\url{https://rfc-editor.org/rfc/rfc4210.txt}},
        author =  {Tero Mononen and Tomi Kause and Stephen Farrell and Dr. Carlisle Adams},
  title =   {{Internet X.509 Public Key Infrastructure Certificate Management Protocol (CMP)}},
  pagetotal = 95,
  year =    2005,
  month =   sep,
  abstract =  {This document describes the Internet X.509 Public Key Infrastructure (PKI) Certificate Management Protocol (CMP). Protocol messages are defined for X.509v3 certificate creation and management. CMP provides on-line interactions between PKI components, including an exchange between a Certification Authority (CA) and a client system. [STANDARDS-TRACK]},
}